<?xml version="1.0" encoding="utf-8"?>
<record xmlns="http://www.loc.gov/MARC21/slim" xmlns:xsi="http://www.w3.org/2001/XMLSchema-instance" xsi:schemaLocation="http://www.loc.gov/MARC21/slim http://www.loc.gov/standards/marcxml/schema/MARC21slim.xsd">
	<leader>     nam a22     Mi 4500</leader>
	<controlfield tag="001">198030</controlfield>
	<controlfield tag="003">NjP</controlfield>
	<controlfield tag="006">m        d        </controlfield>
	<controlfield tag="007">cr cn |||m|||a</controlfield>
	<controlfield tag="008">190221m19709999ir      o     000 0 ara d</controlfield>
	<datafield ind1=" " ind2=" " tag="040">
		<subfield code="a">ZYU</subfield>
		<subfield code="b">ara</subfield>
		<subfield code="e">rda</subfield>
		<subfield code="c">ZYU</subfield>
	</datafield>
	<datafield ind1=" " ind2="4" tag="050">
		<subfield code="a">KBP453</subfield>
		<subfield code="b">S55 1970</subfield>
	</datafield>
	<datafield ind1="1" ind2=" " tag="100">
		<subfield code="6">880-01</subfield>
		<subfield code="a">Shīrāzī, Muḥammad al-Mahdī al-Ḥusaynī. </subfield>
	</datafield>
	<datafield ind1="1" ind2="3" tag="245">
		<subfield code="6">880-02</subfield>
		<subfield code="a">al-Fiqh :</subfield>
		<subfield code="b">wa-huwa sharḥ istidlālī ʻalá kitāb al-ʻUrwah al-wuthqá li-āyat Allāh al-marḥūm al-sayyid Muḥammad Kāẓim al-Ṭabāṭabāʼī al-Yazdī &quot;Qads sirh&quot; /</subfield>
		<subfield code="c">Muḥammad al-Mahdī al-Ḥusaynī al-Shīrāzī.</subfield>
	</datafield>
	<datafield ind1=" " ind2=" " tag="260">
		<subfield code="6">880-03</subfield>
		<subfield code="a">Qum :</subfield>
		<subfield code="b">Dār al-Qurʼān al-Karīm,</subfield>
		<subfield code="c">[197-?]-</subfield>
	</datafield>
	<datafield ind1=" " ind2=" " tag="300">
		<subfield code="a">online resource (volumes)</subfield>
	</datafield>
	<datafield ind1=" " ind2=" " tag="336">
		<subfield code="a">text</subfield>
		<subfield code="2">rdacontent</subfield>
	</datafield>
	<datafield ind1=" " ind2=" " tag="337">
		<subfield code="a">computer</subfield>
		<subfield code="2">rdamedia</subfield>
	</datafield>
	<datafield ind1=" " ind2=" " tag="338">
		<subfield code="a">online resource</subfield>
		<subfield code="2">rdacarrier</subfield>
	</datafield>
	<datafield ind1=" " ind2=" " tag="500">
		<subfield code="a">Imprint varies.</subfield>
	</datafield>
	<datafield ind1=" " ind2=" " tag="500">
		<subfield code="a">In part a reprint of the al-Najaf edition, 196-?</subfield>
	</datafield>
	<datafield ind1=" " ind2=" " tag="500">
		<subfield code="a">Part of the Arabic Collections Online (ACO) project, contributed by Princeton University Libraries.</subfield>
	</datafield>
	<datafield ind1="1" ind2=" " tag="505">
		<subfield code="a">v. 1. al-Ijtihād wa-al-taqlīd -- v. 2-10. Kitāb al-ṭahārah, al-juzʼ 1 -- v. 11-18. Kitāb al-ṣalāh -- v. 19-20. Kitāb al-ṣawm -- v. 21-27. Kitāb al-ḥajj -- v. 28. Kitāb al-khums -- v. 29-31. Kitāb al-zakāh --v. 32. Kitāb al-aṭʻimah wa-al-ashribah -- v. 33. Kitāb al-wuqūf wa-al-ṣadāqāt, al-hibah -- v. 34. Kitāb al-ḥudūd wa-al-taʻzīrāt -- v. 35. Kitāb al-qaṣāṣ -- v. 36. Kitāb al-ijārah -- v. 37-38. Kitāb al-jihād, al-amr bi-al- maʻrūf wa-al-nahy al-munkar -- v. 39. al-Ḥukm fī al-Islām --v. 40. Ḥawla al-Qurʼān al-ḥakīm -- v. 41. al-Iqtiṣād -- v. 42-43. Kitāb al-qaḍāʼ -- v. 44. Kitāb al-dayāt -- v. 45. Kitāb al-siyāsah -- v. 46. Kitāb al-shahādāt -- v. 47. Kitāb al-muḍārabah -- v. 48-52. Kitāb al-nikāḥ -- v. 53. Kitāb al-shirkah, al-muzārʻah, al-masāqāt -- v. 54. Kitāb al-ḍamān al-ḥawālah -- v. 55. Kitāb al-waṣīyah.</subfield>
	</datafield>
	<datafield ind1="1" ind2=" " tag="505">
		<subfield code="a">v. 56. Kit ab iḥyāʼ al-mawāt -- v. 57. al-Ijtimāʻ -- v. 58. Kitāb al-ṣayd wa-al-dhabāḥah -- v. 59. Kitāb al-iqrār -- v. 60. Kitāb al-iʻtikāf -- v. 61. Kitāb al-ḥijr wa-al-mufallis -- v. 62-63. Kitāb al-irth. -- v. 64. Kitāb al-ghaṣb -- v. 65. Kitāb al-qarḍ, al-rahn -- v. 69. Kitāb al-jiʻālah, al-īmān, al-nadhr -- v. 72. Kitāb al-khulʻ, al-mubārāh, al-ẓihār, al-īlāʼ, al-liʻān.</subfield>
	</datafield>
	<datafield ind1=" " ind2=" " tag="533">
		<subfield code="a">Electronic reproduction.</subfield>
		<subfield code="b">New York, N.Y. :</subfield>
		<subfield code="c">New York University,</subfield>
		<subfield code="d">2019.</subfield>
		<subfield code="5">NNU</subfield>
	</datafield>
	<datafield ind1="1" ind2="0" tag="600">
		<subfield code="a">Ṭabāṭabāʼī, Muḥammad Kāẓim,</subfield>
		<subfield code="d">1919.</subfield>
		<subfield code="t">ʻUrwah al-wuthqá</subfield>
	</datafield>
	<datafield ind1=" " ind2="0" tag="650">
		<subfield code="a">Shīʻah</subfield>
		<subfield code="x">Customs and practices.</subfield>
	</datafield>
	<datafield ind1=" " ind2="7" tag="650">
		<subfield code="a">Shīʻah</subfield>
		<subfield code="x">Customs and practices.</subfield>
		<subfield code="2">fast</subfield>
		<subfield code="0">(OCoLC)fst01117947</subfield>
	</datafield>
	<datafield ind1="2" ind2=" " tag="710">
		<subfield code="a">Princeton University.</subfield>
		<subfield code="b">Library.</subfield>
	</datafield>
	<datafield ind1="0" ind2=" " tag="730">
		<subfield code="a">Arabic Collections Online.</subfield>
	</datafield>
	<datafield ind1="0" ind2="8" tag="776">
		<subfield code="i">Print version:</subfield>
		<subfield code="a">Shīrāzī, Muḥammad al-Mahdī al-Ḥusaynī.</subfield>
		<subfield code="t">al-Fiqh</subfield>
		<subfield code="w">(NjP)198030</subfield>
		<subfield code="w">(OCoLC)22320352</subfield>
	</datafield>
	<datafield ind1="4" ind2="0" tag="856">
		<subfield code="u">http://hdl.handle.net/2333.1/4b8gtrnv</subfield>
	</datafield>
	<datafield ind1="1" ind2=" " tag="880">
		<subfield code="6">100-01</subfield>
		<subfield code="a">شيرازي، محمد المهدي الحسيني. ‎‎</subfield>
	</datafield>
	<datafield ind1="1" ind2="2" tag="880">
		<subfield code="6">245-02</subfield>
		<subfield code="a">الفقه :‎‎</subfield>
		<subfield code="b">وهو شرح استدلالي على كتاب العروة الوثقى لاية الله المرحوم السيد محمد كاظم الطباطبائي اليزدي &quot;قدس سره&quot; /‎‎</subfield>
		<subfield code="c">محمد المهدي الحسيني الشيرازي.‎‎</subfield>
	</datafield>
	<datafield ind1=" " ind2=" " tag="880">
		<subfield code="6">260-03</subfield>
		<subfield code="a">قم :‎‎</subfield>
		<subfield code="b">دار القرآن الكريم،‎‎</subfield>
		<subfield code="c">[197-?]-</subfield>
	</datafield>
	<datafield ind1=" " ind2=" " tag="959">
		<subfield code="a">NNU</subfield>
		<subfield code="b">WEB</subfield>
		<subfield code="c">GENI</subfield>
		<subfield code="t">0</subfield>
		<subfield code="m">Electronic access</subfield>
		<subfield code="s">01</subfield>
	</datafield>
	<datafield ind1=" " ind2=" " tag="999">
		<subfield code="i">NjP_198030</subfield>
		<subfield code="o">(OCoLC)ocm22320352</subfield>
		<subfield code="s">princeton_aco001407</subfield>
		<subfield code="s">princeton_aco001520:v.2</subfield>
		<subfield code="s">princeton_aco001479:v.3</subfield>
		<subfield code="s">princeton_aco001480:v.4</subfield>
		<subfield code="s">princeton_aco001476:v.6</subfield>
		<subfield code="s">princeton_aco001503:v.7</subfield>
		<subfield code="s">princeton_aco001478:v.8</subfield>
		<subfield code="s">princeton_aco001513:v.8</subfield>
		<subfield code="s">princeton_aco001477:v.9</subfield>
		<subfield code="s">princeton_aco001519:v.10</subfield>
		<subfield code="s">princeton_aco001473:vol.11</subfield>
		<subfield code="s">princeton_aco001474:vol.11</subfield>
		<subfield code="s">princeton_aco001472:vol.12</subfield>
		<subfield code="s">princeton_aco001471:vol.13</subfield>
		<subfield code="s">princeton_aco001470:vol.14</subfield>
		<subfield code="s">princeton_aco001469:vol.15</subfield>
		<subfield code="s">princeton_aco001468:vol.16</subfield>
		<subfield code="s">princeton_aco001466:vol.17</subfield>
		<subfield code="s">princeton_aco001467:vol.18</subfield>
		<subfield code="s">princeton_aco001481:v.20</subfield>
		<subfield code="s">princeton_aco001482:v.21</subfield>
		<subfield code="s">princeton_aco001483:v.22</subfield>
		<subfield code="s">princeton_aco001484:v.23</subfield>
		<subfield code="s">princeton_aco001485:v.24</subfield>
		<subfield code="s">princeton_aco001486:v.25</subfield>
		<subfield code="s">princeton_aco001487:v.26</subfield>
		<subfield code="s">princeton_aco001488:v.27</subfield>
		<subfield code="s">princeton_aco001489:v.28</subfield>
		<subfield code="s">princeton_aco001490:v.29</subfield>
		<subfield code="s">princeton_aco001491:v.30</subfield>
		<subfield code="s">princeton_aco001504:v.31</subfield>
		<subfield code="s">princeton_aco001495:v.33</subfield>
		<subfield code="s">princeton_aco001505:v.34</subfield>
		<subfield code="s">princeton_aco001506:v.35</subfield>
		<subfield code="s">princeton_aco001507:v.36</subfield>
		<subfield code="s">princeton_aco001492:v.37-38</subfield>
		<subfield code="s">princeton_aco001493:v.39</subfield>
		<subfield code="s">princeton_aco001494:v.40</subfield>
		<subfield code="s">princeton_aco001502:v.41</subfield>
		<subfield code="s">princeton_aco001508:v.42</subfield>
		<subfield code="s">princeton_aco001509:v.43</subfield>
		<subfield code="s">princeton_aco001510:v.44</subfield>
		<subfield code="s">princeton_aco001511:v.46</subfield>
		<subfield code="s">princeton_aco001512:v.47</subfield>
		<subfield code="s">princeton_aco001515:v.50</subfield>
		<subfield code="s">princeton_aco001475:v.51</subfield>
		<subfield code="s">princeton_aco001514:v.52</subfield>
		<subfield code="s">princeton_aco001463:vol.53</subfield>
		<subfield code="s">princeton_aco001462:vol.54</subfield>
		<subfield code="s">princeton_aco001464:vol.55</subfield>
		<subfield code="s">princeton_aco001460:vol.56</subfield>
		<subfield code="s">princeton_aco001461:vol.57</subfield>
		<subfield code="s">princeton_aco001496:v.58</subfield>
		<subfield code="s">princeton_aco001497:v.59</subfield>
		<subfield code="s">princeton_aco001498:vol.60</subfield>
		<subfield code="s">princeton_aco001499:vol.61</subfield>
		<subfield code="s">princeton_aco001500:vol.62</subfield>
		<subfield code="s">princeton_aco001465:vol.63</subfield>
		<subfield code="s">princeton_aco001501:vol.64</subfield>
		<subfield code="s">princeton_aco001516:v.65</subfield>
		<subfield code="s">princeton_aco001518:v.69</subfield>
		<subfield code="s">princeton_aco001517:v.72</subfield>
		<subfield code="e">(ERROR-880)(ERROR-MISC)</subfield>
		<subfield code="s">princeton_aco001407</subfield>
		<subfield code="s">princeton_aco001520:v.2</subfield>
		<subfield code="s">princeton_aco001479:v.3</subfield>
		<subfield code="s">princeton_aco001480:v.4</subfield>
		<subfield code="s">princeton_aco001476:v.6</subfield>
		<subfield code="s">princeton_aco001503:v.7</subfield>
		<subfield code="s">princeton_aco001478:v.8</subfield>
		<subfield code="s">princeton_aco001513:v.8</subfield>
		<subfield code="s">princeton_aco001477:v.9</subfield>
		<subfield code="s">princeton_aco001519:v.10</subfield>
		<subfield code="s">princeton_aco001473:vol.11</subfield>
		<subfield code="s">princeton_aco001474:vol.11</subfield>
		<subfield code="s">princeton_aco001472:vol.12</subfield>
		<subfield code="s">princeton_aco001471:vol.13</subfield>
		<subfield code="s">princeton_aco001470:vol.14</subfield>
		<subfield code="s">princeton_aco001469:vol.15</subfield>
		<subfield code="s">princeton_aco001468:vol.16</subfield>
		<subfield code="s">princeton_aco001466:vol.17</subfield>
		<subfield code="s">princeton_aco001467:vol.18</subfield>
		<subfield code="s">princeton_aco001481:v.20</subfield>
		<subfield code="s">princeton_aco001482:v.21</subfield>
		<subfield code="s">princeton_aco001483:v.22</subfield>
		<subfield code="s">princeton_aco001484:v.23</subfield>
		<subfield code="s">princeton_aco001485:v.24</subfield>
		<subfield code="s">princeton_aco001486:v.25</subfield>
		<subfield code="s">princeton_aco001487:v.26</subfield>
		<subfield code="s">princeton_aco001488:v.27</subfield>
		<subfield code="s">princeton_aco001489:v.28</subfield>
		<subfield code="s">princeton_aco001490:v.29</subfield>
		<subfield code="s">princeton_aco001491:v.30</subfield>
		<subfield code="s">princeton_aco001504:v.31</subfield>
		<subfield code="s">princeton_aco001495:v.33</subfield>
		<subfield code="s">princeton_aco001505:v.34</subfield>
		<subfield code="s">princeton_aco001506:v.35</subfield>
		<subfield code="s">princeton_aco001507:v.36</subfield>
		<subfield code="s">princeton_aco001492:v.37-38</subfield>
		<subfield code="s">princeton_aco001493:v.39</subfield>
		<subfield code="s">princeton_aco001494:v.40</subfield>
		<subfield code="s">princeton_aco001502:v.41</subfield>
		<subfield code="s">princeton_aco001508:v.42</subfield>
		<subfield code="s">princeton_aco001509:v.43</subfield>
		<subfield code="s">princeton_aco001510:v.44</subfield>
		<subfield code="s">princeton_aco001511:v.46</subfield>
		<subfield code="s">princeton_aco001512:v.47</subfield>
		<subfield code="s">princeton_aco001515:v.50</subfield>
		<subfield code="s">princeton_aco001475:v.51</subfield>
		<subfield code="s">princeton_aco001514:v.52</subfield>
		<subfield code="s">princeton_aco001463:vol.53</subfield>
		<subfield code="s">princeton_aco001462:vol.54</subfield>
		<subfield code="s">princeton_aco001464:vol.55</subfield>
		<subfield code="s">princeton_aco001460:vol.56</subfield>
		<subfield code="s">princeton_aco001461:vol.57</subfield>
		<subfield code="s">princeton_aco001496:v.58</subfield>
		<subfield code="s">princeton_aco001497:v.59</subfield>
		<subfield code="s">princeton_aco001498:vol.60</subfield>
		<subfield code="s">princeton_aco001499:vol.61</subfield>
		<subfield code="s">princeton_aco001500:vol.62</subfield>
		<subfield code="s">princeton_aco001465:vol.63</subfield>
		<subfield code="s">princeton_aco001501:vol.64</subfield>
		<subfield code="s">princeton_aco001516:v.65</subfield>
		<subfield code="s">princeton_aco001518:v.69</subfield>
		<subfield code="s">princeton_aco001517:v.72</subfield>
	</datafield>
</record>
